
  <record format="MARC21" type="Bibliographic">
    <leader>00000nhm  2200000|| 450 </leader>
    <controlfield tag="001">12665</controlfield>
    <controlfield tag="003">DE-380</controlfield>
    <controlfield tag="005">20140719233456.0</controlfield>
    <controlfield tag="007">z|</controlfield>
    <controlfield tag="008">920309||||||||||||||||||||||||||||||||||</controlfield>
    <datafield tag="035" ind1=" " ind2=" ">
      <subfield code="a">T000126658</subfield>
    </datafield>
    <datafield tag="040" ind1=" " ind2=" ">
      <subfield code="a">DE-380</subfield>
    </datafield>
    <datafield tag="087" ind1=" " ind2=" ">
      <subfield code="a">HLQ 2 / Wolfskehl, Karl</subfield>
    </datafield>
    <datafield tag="087" ind1=" " ind2=" ">
      <subfield code="a">HDN 6 / Gundolf, Friedrich</subfield>
    </datafield>
    <datafield tag="087" ind1=" " ind2=" ">
      <subfield code="a">HLQ 2 / Wolfskehl, Hanna</subfield>
    </datafield>
    <datafield tag="090" ind1=" " ind2=" ">
      <subfield code="h">_</subfield>
    </datafield>
    <datafield tag="100" ind1="1" ind2=" ">
      <subfield code="a">WOLFSKEHL, KARL </subfield>
    </datafield>
    <datafield tag="245" ind1="0" ind2="0">
      <subfield code="a">BRIEFWECHSEL MIT FRIEDRICH GUNDOLF</subfield>
      <subfield code="b">1899-1931</subfield>
      <subfield code="c">WOLFSKEHL, KARL  ; WOLFSKEHL, HANNA  ; GUNDOLF, FRIEDRICH</subfield>
    </datafield>
    <datafield tag="250" ind1=" " ind2=" ">
      <subfield code="a">2. AUFL.</subfield>
    </datafield>
    <datafield tag="260" ind1=" " ind2=" ">
      <subfield code="a">AMSTERDAM</subfield>
      <subfield code="b">CASTRUM PEREGRINI PRESSE</subfield>
    </datafield>
    <datafield tag="700" ind1="1" ind2=" ">
      <subfield code="a">WOLFSKEHL, HANNA </subfield>
    </datafield>
    <datafield tag="700" ind1="1" ind2=" ">
      <subfield code="a">GUNDOLF, FRIEDRICH</subfield>
    </datafield>
    <datafield tag="996" ind1=" " ind2=" ">
      <subfield code=" ">n         17  </subfield>
    </datafield>
    <datafield tag="997" ind1=" " ind2=" ">
      <subfield code="a">T000126658</subfield>
    </datafield>
  </record>