
  <record format="MARC21" type="Bibliographic">
    <leader>00000nhm  2200000|| 450 </leader>
    <controlfield tag="001">12779</controlfield>
    <controlfield tag="005">20140719233456.0</controlfield>
    <controlfield tag="007">z|</controlfield>
    <controlfield tag="008">840815|||||||||||||||||||||||||||||eng||</controlfield>
    <datafield tag="035" ind1=" " ind2=" ">
      <subfield code="a">T000127792</subfield>
    </datafield>
    <datafield tag="040" ind1=" " ind2=" ">
      <subfield code="e">rak</subfield>
    </datafield>
    <datafield tag="041" ind1=" " ind2=" ">
      <subfield code="a">eng</subfield>
    </datafield>
    <datafield tag="087" ind1=" " ind2=" ">
      <subfield code="a">NAM </subfield>
    </datafield>
    <datafield tag="087" ind1=" " ind2=" ">
      <subfield code="a">NCM</subfield>
    </datafield>
    <datafield tag="090" ind1=" " ind2=" ">
      <subfield code="h">_</subfield>
    </datafield>
    <datafield tag="100" ind1="1" ind2=" ">
      <subfield code="a">SNOWE, JOSEPH</subfield>
    </datafield>
    <datafield tag="245" ind1="0" ind2="0">
      <subfield code="a">THE RHINE</subfield>
      <subfield code="b">LEGENDS, TRADITIONS, HISTORY FROM COLOGNE TO MAINZ, IN 2 VOL.</subfield>
      <subfield code="c">SNOWE, JOSEPH</subfield>
    </datafield>
    <datafield tag="260" ind1=" " ind2=" ">
      <subfield code="a">LONDON</subfield>
      <subfield code="b">WESTLEY</subfield>
    </datafield>
    <datafield tag="546" ind1=" " ind2=" ">
      <subfield code="a">Text : englisch aus dem Deutschen</subfield>
    </datafield>
    <datafield tag="990" ind1=" " ind2=" ">
      <subfield code="a">(Sprache  57)</subfield>
    </datafield>
    <datafield tag="996" ind1=" " ind2=" ">
      <subfield code=" ">n         17  </subfield>
    </datafield>
    <datafield tag="997" ind1=" " ind2=" ">
      <subfield code="a">X06500133 ?</subfield>
    </datafield>
  </record>