
  <record format="MARC21" type="Bibliographic">
    <leader>00000nhm  2200000|| 450 </leader>
    <controlfield tag="001">12787</controlfield>
    <controlfield tag="003">DE-380</controlfield>
    <controlfield tag="005">20140719233456.0</controlfield>
    <controlfield tag="007">z|</controlfield>
    <controlfield tag="008">780418||||||||||||||||||||||||||||||||||</controlfield>
    <datafield tag="035" ind1=" " ind2=" ">
      <subfield code="a">T000127873</subfield>
    </datafield>
    <datafield tag="040" ind1=" " ind2=" ">
      <subfield code="a">DE-380</subfield>
    </datafield>
    <datafield tag="087" ind1=" " ind2=" ">
      <subfield code="a">NA</subfield>
    </datafield>
    <datafield tag="090" ind1=" " ind2=" ">
      <subfield code="h">_</subfield>
    </datafield>
    <datafield tag="245" ind1="0" ind2="0">
      <subfield code="a">DER RHEIN UND DIE RHEINLANDE VON MAINZ BIS KOELN IN MALERISCHEN   ORIGINAL ANSICHTEN, IN STAHL GESTOCHEN, VON EINEM HISTORISCH TOPOGRAPHISCHEN TEXT BEGLEITET</subfield>
      <subfield code="c">LANGE, LUDWIG [Mitverf.]</subfield>
    </datafield>
    <datafield tag="250" ind1=" " ind2=" ">
      <subfield code="a">FAKSIMILEAUSG.</subfield>
    </datafield>
    <datafield tag="260" ind1=" " ind2=" ">
      <subfield code="a">KOELN</subfield>
      <subfield code="b">SCRIBA VERL.</subfield>
    </datafield>
    <datafield tag="700" ind1="1" ind2=" ">
      <subfield code="a">LANGE, LUDWIG [Mitverf.]</subfield>
    </datafield>
    <datafield tag="996" ind1=" " ind2=" ">
      <subfield code=" ">n    R    37  </subfield>
    </datafield>
    <datafield tag="997" ind1=" " ind2=" ">
      <subfield code="a">T000127873</subfield>
    </datafield>
  </record>