
  <record format="MARC21" type="Bibliographic">
    <leader>00000nhm  2200000|| 450 </leader>
    <controlfield tag="001">12831</controlfield>
    <controlfield tag="005">20140719233456.0</controlfield>
    <controlfield tag="007">z|</controlfield>
    <controlfield tag="008">920630|||||||||||||||||||||||||||||ger||</controlfield>
    <datafield tag="035" ind1=" " ind2=" ">
      <subfield code="a">T000128312</subfield>
    </datafield>
    <datafield tag="040" ind1=" " ind2=" ">
      <subfield code="e">rak</subfield>
    </datafield>
    <datafield tag="041" ind1=" " ind2=" ">
      <subfield code="a">ger</subfield>
    </datafield>
    <datafield tag="087" ind1=" " ind2=" ">
      <subfield code="a">AH</subfield>
    </datafield>
    <datafield tag="090" ind1=" " ind2=" ">
      <subfield code="h">_</subfield>
    </datafield>
    <datafield tag="100" ind1="1" ind2=" ">
      <subfield code="a">MAAS, LIESELOTTE</subfield>
    </datafield>
    <datafield tag="245" ind1="0" ind2="0">
      <subfield code="a">HANDBUCH DER DEUTSCHEN EXILPRESSE 1933 (NEUNZEHNHUNDERTDREIUNDDREISSIG) BIS 1945 (NEUNZEHNHUNDERTFUENFUNDVIERZIG)</subfield>
      <subfield code="b">HANDBOOK OF THE GERMAN EXILE PRESS 1933 (NINETEENHUNDREDANDTHIRTYTHREE) TILL 1945 (NINETEENHUNDREDANDFORTYFIVE)</subfield>
      <subfield code="c">MAAS, LIESELOTTE</subfield>
    </datafield>
    <datafield tag="260" ind1=" " ind2=" ">
      <subfield code="a">MUENCHEN</subfield>
      <subfield code="b">HANSER</subfield>
    </datafield>
    <datafield tag="500" ind1=" " ind2=" ">
      <subfield code="a">BIBLIOGRAPHIE</subfield>
    </datafield>
    <datafield tag="546" ind1=" " ind2=" ">
      <subfield code="a">Text : deutsch aus dem Deutschen</subfield>
    </datafield>
    <datafield tag="990" ind1=" " ind2=" ">
      <subfield code="a">( Art  11 Sprache  56 , 57)</subfield>
    </datafield>
    <datafield tag="996" ind1=" " ind2=" ">
      <subfield code=" ">n         17  </subfield>
    </datafield>
    <datafield tag="997" ind1=" " ind2=" ">
      <subfield code="a">X06500188 ?</subfield>
    </datafield>
  </record>