
  <record format="MARC21" type="Bibliographic">
    <leader>00000nhm  2200000|| 450 </leader>
    <controlfield tag="001">12912</controlfield>
    <controlfield tag="005">20140719233456.0</controlfield>
    <controlfield tag="007">z|</controlfield>
    <controlfield tag="008">780321||||||||||||||||||||||||||||||||||</controlfield>
    <datafield tag="035" ind1=" " ind2=" ">
      <subfield code="a">T000129128</subfield>
    </datafield>
    <datafield tag="040" ind1=" " ind2=" ">
      <subfield code="e">rak</subfield>
    </datafield>
    <datafield tag="087" ind1=" " ind2=" ">
      <subfield code="a">HK</subfield>
    </datafield>
    <datafield tag="090" ind1=" " ind2=" ">
      <subfield code="h">_</subfield>
    </datafield>
    <datafield tag="100" ind1="1" ind2=" ">
      <subfield code="a">TSCHIZEWSKIJ, DIMITRIY</subfield>
    </datafield>
    <datafield tag="245" ind1="0" ind2="0">
      <subfield code="a">VERGLEICHENDE GESCHICHTE DER SLAWISCHEN LITERATUREN</subfield>
      <subfield code="c">TSCHIZEWSKIJ, DIMITRIY</subfield>
    </datafield>
    <datafield tag="260" ind1=" " ind2=" ">
      <subfield code="a">BERLIN</subfield>
      <subfield code="b">+DE GRUYTER</subfield>
    </datafield>
    <datafield tag="996" ind1=" " ind2=" ">
      <subfield code=" ">n         17  </subfield>
    </datafield>
    <datafield tag="997" ind1=" " ind2=" ">
      <subfield code="a">X06500269 ?</subfield>
    </datafield>
  </record>