
  <record format="MARC21" type="Bibliographic">
    <leader>00000nhm  2200000|| 450 </leader>
    <controlfield tag="001">12923</controlfield>
    <controlfield tag="005">20140719233456.0</controlfield>
    <controlfield tag="007">tu</controlfield>
    <controlfield tag="008">811211|||||||||||||||||||||||||||||ger||</controlfield>
    <datafield tag="035" ind1=" " ind2=" ">
      <subfield code="a">T000129234</subfield>
    </datafield>
    <datafield tag="040" ind1=" " ind2=" ">
      <subfield code="e">rak</subfield>
    </datafield>
    <datafield tag="041" ind1=" " ind2=" ">
      <subfield code="a">ger</subfield>
    </datafield>
    <datafield tag="087" ind1=" " ind2=" ">
      <subfield code="a">HHN / Flaubert, Gustave</subfield>
    </datafield>
    <datafield tag="090" ind1=" " ind2=" ">
      <subfield code="h">_</subfield>
    </datafield>
    <datafield tag="100" ind1="1" ind2=" ">
      <subfield code="a">Sartre, Jean-Paul</subfield>
    </datafield>
    <datafield tag="245" ind1="0" ind2="0">
      <subfield code="a">Der Idiot der Familie</subfield>
      <subfield code="b">Gustave Flaubert 1821-1857</subfield>
      <subfield code="c">Jean-Paul Sartre. Dt. von Traugott König</subfield>
    </datafield>
    <datafield tag="260" ind1=" " ind2=" ">
      <subfield code="a">Reinbek bei Hamburg</subfield>
      <subfield code="b">Rowohlt</subfield>
    </datafield>
    <datafield tag="490" ind1="0" ind2=" ">
      <subfield code="a">Das neue Buch</subfield>
    </datafield>
    <datafield tag="546" ind1=" " ind2=" ">
      <subfield code="a">Aus dem Franz.</subfield>
    </datafield>
    <datafield tag="730" ind1="0" ind2=" ">
      <subfield code="a">L'Idiot de la famille, Gustave Flaubert de 1821 à 1857</subfield>
      <subfield code="g">dt.</subfield>
    </datafield>
    <datafield tag="996" ind1=" " ind2=" ">
      <subfield code=" ">n         17  </subfield>
    </datafield>
    <datafield tag="997" ind1=" " ind2=" ">
      <subfield code="a">X06500281 ?</subfield>
    </datafield>
  </record>