
  <record format="MARC21" type="Bibliographic">
    <leader>00000nhm  2200000|| 450 </leader>
    <controlfield tag="001">13110</controlfield>
    <controlfield tag="005">20140719233456.0</controlfield>
    <controlfield tag="007">q|</controlfield>
    <controlfield tag="008">900717||||||||||||||||||||||||||||||||||</controlfield>
    <datafield tag="035" ind1=" " ind2=" ">
      <subfield code="a">T000131108</subfield>
    </datafield>
    <datafield tag="040" ind1=" " ind2=" ">
      <subfield code="e">rak</subfield>
    </datafield>
    <datafield tag="087" ind1=" " ind2=" ">
      <subfield code="a">HHH 1000</subfield>
    </datafield>
    <datafield tag="090" ind1=" " ind2=" ">
      <subfield code="h">_</subfield>
    </datafield>
    <datafield tag="100" ind1="1" ind2=" ">
      <subfield code="a">ROHR, HEINRICH </subfield>
    </datafield>
    <datafield tag="245" ind1="1" ind2="0">
      <subfield code="b">ZUGL. ANL. Z. ERLERNEN D. SCHULBLOCKFLOETE IN C</subfield>
      <subfield code="c">ROHR, HEINRICH  ; LEHN, FRANZ</subfield>
    </datafield>
    <datafield tag="260" ind1=" " ind2=" ">
      <subfield code="a">MAINZ</subfield>
      <subfield code="b">SCHOTT</subfield>
    </datafield>
    <datafield tag="500" ind1=" " ind2=" ">
      <subfield code="a">NOTEN</subfield>
    </datafield>
    <datafield tag="700" ind1="1" ind2=" ">
      <subfield code="a">LEHN, FRANZ</subfield>
    </datafield>
    <datafield tag="730" ind1="0" ind2=" ">
      <subfield code="a">FLOETENBUECHLEIN FUER DIE SCHULE ZUM SINGEN UND SPIELEN</subfield>
    </datafield>
    <datafield tag="990" ind1=" " ind2=" ">
      <subfield code="a">( Art  48)</subfield>
    </datafield>
    <datafield tag="996" ind1=" " ind2=" ">
      <subfield code=" ">n         14  </subfield>
    </datafield>
    <datafield tag="997" ind1=" " ind2=" ">
      <subfield code="a">X06500458 ?</subfield>
    </datafield>
  </record>