
  <record format="MARC21" type="Bibliographic">
    <leader>00000nhm  2200000|| 450 </leader>
    <controlfield tag="001">13167</controlfield>
    <controlfield tag="005">20140719233456.0</controlfield>
    <controlfield tag="007">z|</controlfield>
    <controlfield tag="008">820708||||||||||||||||||||||||||||||||||</controlfield>
    <datafield tag="035" ind1=" " ind2=" ">
      <subfield code="a">T000131673</subfield>
    </datafield>
    <datafield tag="040" ind1=" " ind2=" ">
      <subfield code="e">rak</subfield>
    </datafield>
    <datafield tag="087" ind1=" " ind2=" ">
      <subfield code="a">EAO 4  / Sammlung von Biographien</subfield>
    </datafield>
    <datafield tag="090" ind1=" " ind2=" ">
      <subfield code="h">_</subfield>
    </datafield>
    <datafield tag="245" ind1="0" ind2="0">
      <subfield code="a">PAEDAGOGIK IN SELBSTDARSTELLUNGEN</subfield>
      <subfield code="c">PONGRATZ, LUDWIG J [Hrsg.]</subfield>
    </datafield>
    <datafield tag="260" ind1=" " ind2=" ">
      <subfield code="a">HAMBURG</subfield>
      <subfield code="b">MEINER</subfield>
    </datafield>
    <datafield tag="700" ind1="1" ind2=" ">
      <subfield code="a">PONGRATZ, LUDWIG J. [Hrsg.]</subfield>
    </datafield>
    <datafield tag="996" ind1=" " ind2=" ">
      <subfield code=" ">n         37  </subfield>
    </datafield>
    <datafield tag="997" ind1=" " ind2=" ">
      <subfield code="a">X06500518 ?</subfield>
    </datafield>
  </record>