
  <record format="MARC21" type="Bibliographic">
    <leader>00000nhm  2200000|| 450 </leader>
    <controlfield tag="001">13456</controlfield>
    <controlfield tag="005">20140719233456.0</controlfield>
    <controlfield tag="007">z|</controlfield>
    <controlfield tag="008">900518|||||||||||||||||||||||||||||eng||</controlfield>
    <datafield tag="035" ind1=" " ind2=" ">
      <subfield code="a">T000134565</subfield>
    </datafield>
    <datafield tag="040" ind1=" " ind2=" ">
      <subfield code="e">rak</subfield>
    </datafield>
    <datafield tag="041" ind1=" " ind2=" ">
      <subfield code="a">eng</subfield>
    </datafield>
    <datafield tag="087" ind1=" " ind2=" ">
      <subfield code="a">GU / Turner, Joseph Mallord William</subfield>
    </datafield>
    <datafield tag="090" ind1=" " ind2=" ">
      <subfield code="h">_</subfield>
    </datafield>
    <datafield tag="100" ind1="1" ind2=" ">
      <subfield code="a">Turner, Joseph Mallord William &lt;[Ill.]&gt;</subfield>
    </datafield>
    <datafield tag="245" ind1="0" ind2="0">
      <subfield code="a">THE PAINTINGS OF J. M. W. TURNER</subfield>
      <subfield code="c">TURNER, JOSEPH M.  [Ill.] ; BUTLIN, MARTIN  [Textverf.] ; JOLL, EVELYN [Textverf.]</subfield>
    </datafield>
    <datafield tag="260" ind1=" " ind2=" ">
      <subfield code="a">NEW HAVEN</subfield>
      <subfield code="b">YALE UNIV. PR.</subfield>
    </datafield>
    <datafield tag="500" ind1=" " ind2=" ">
      <subfield code="a">KRITISCHER KATALOG DER GEMAELDE. MIT KONKORDANZ - TABELLEN</subfield>
    </datafield>
    <datafield tag="700" ind1="1" ind2=" ">
      <subfield code="a">BUTLIN, MARTIN  [Textverf.]</subfield>
    </datafield>
    <datafield tag="700" ind1="1" ind2=" ">
      <subfield code="a">JOLL, EVELYN [Textverf.]</subfield>
    </datafield>
    <datafield tag="996" ind1=" " ind2=" ">
      <subfield code=" ">n         17  </subfield>
    </datafield>
    <datafield tag="997" ind1=" " ind2=" ">
      <subfield code="a">X06500807 ?</subfield>
    </datafield>
  </record>