
  <record format="MARC21" type="Bibliographic">
    <leader>00000nhm  2200000|| 450 </leader>
    <controlfield tag="001">13461</controlfield>
    <controlfield tag="005">20140719233456.0</controlfield>
    <controlfield tag="007">z|</controlfield>
    <controlfield tag="008">920416|||||||||||||||||||||||||||||eng||</controlfield>
    <datafield tag="035" ind1=" " ind2=" ">
      <subfield code="a">T000134610</subfield>
    </datafield>
    <datafield tag="040" ind1=" " ind2=" ">
      <subfield code="e">rak</subfield>
    </datafield>
    <datafield tag="041" ind1=" " ind2=" ">
      <subfield code="a">eng</subfield>
    </datafield>
    <datafield tag="087" ind1=" " ind2=" ">
      <subfield code="a">AF</subfield>
    </datafield>
    <datafield tag="090" ind1=" " ind2=" ">
      <subfield code="h">_</subfield>
    </datafield>
    <datafield tag="245" ind1="0" ind2="0">
      <subfield code="a">THE BRITISH NATIONAL BIBLIOGRAPHY</subfield>
      <subfield code="b">A SUBJECT CATALOGUE OF NEW BRITISH BOOKS RECEIVED BY THE COPYRIGHT RECEIPT OFFICE OF THE BRITISH LIBRARY ...</subfield>
    </datafield>
    <datafield tag="260" ind1=" " ind2=" ">
      <subfield code="a">LONDON</subfield>
      <subfield code="b">+THE COUNCIL OF THE BRITISH NATIONAL BIBLIOGRAPHY</subfield>
    </datafield>
    <datafield tag="365" ind1=" " ind2=" ">
      <subfield code="b">ISSN 0007-1544</subfield>
    </datafield>
    <datafield tag="500" ind1=" " ind2=" ">
      <subfield code="a">BIBLIOGRAPHIE</subfield>
    </datafield>
    <datafield tag="546" ind1=" " ind2=" ">
      <subfield code="a">Text : englisch aus dem Deutschen</subfield>
    </datafield>
    <datafield tag="990" ind1=" " ind2=" ">
      <subfield code="a">( Art  11 Sprache  57)</subfield>
    </datafield>
    <datafield tag="996" ind1=" " ind2=" ">
      <subfield code=" ">n         37  </subfield>
    </datafield>
    <datafield tag="997" ind1=" " ind2=" ">
      <subfield code="a">X06500818 ?</subfield>
    </datafield>
  </record>