
  <record format="MARC21" type="Bibliographic">
    <leader>00000nhm  2200000|| 450 </leader>
    <controlfield tag="001">13482</controlfield>
    <controlfield tag="005">20140719233456.0</controlfield>
    <controlfield tag="007">z|</controlfield>
    <controlfield tag="008">930728||||||||||||||||||||||||||||||||||</controlfield>
    <datafield tag="035" ind1=" " ind2=" ">
      <subfield code="a">T000134821</subfield>
    </datafield>
    <datafield tag="040" ind1=" " ind2=" ">
      <subfield code="e">rak</subfield>
    </datafield>
    <datafield tag="087" ind1=" " ind2=" ">
      <subfield code="a">FBO 21</subfield>
    </datafield>
    <datafield tag="090" ind1=" " ind2=" ">
      <subfield code="f">_</subfield>
      <subfield code="h">_</subfield>
    </datafield>
    <datafield tag="245" ind1="0" ind2="0">
      <subfield code="a">Aufstieg und Niedergang der römischen Welt</subfield>
      <subfield code="b">(ANRW) ; Geschichte und Kultur Roms im Spiegel der neueren Forschung</subfield>
      <subfield code="c">hrsg. von Wolfgang Haase und Hildegard Temporini</subfield>
    </datafield>
    <datafield tag="260" ind1=" " ind2=" ">
      <subfield code="a">Berlin</subfield>
      <subfield code="a">New York</subfield>
      <subfield code="b">de Gruyter</subfield>
    </datafield>
    <datafield tag="500" ind1=" " ind2=" ">
      <subfield code="a">Teilw. hrsg. von Hildegard Temporini und Wolfgang Haase. - Beitr. teilw. dt., teilw. engl., teilw. franz., teilw. ital. - Literaturangaben. - Teilw. mit Parallelt.: Rise and decline of the Roman world</subfield>
    </datafield>
    <datafield tag="648" ind1=" " ind2="4">
      <subfield code="a">Geschichte</subfield>
    </datafield>
    <datafield tag="648" ind1=" " ind2="4">
      <subfield code="a">Geistesgeschichte</subfield>
    </datafield>
    <datafield tag="651" ind1=" " ind2="4">
      <subfield code="a">Römisches Reich</subfield>
    </datafield>
    <datafield tag="651" ind1=" " ind2="4">
      <subfield code="a">Römisches Reich</subfield>
    </datafield>
    <datafield tag="689" ind1="0" ind2="0">
      <subfield code="A">g</subfield>
      <subfield code="a">Römisches Reich</subfield>
    </datafield>
    <datafield tag="689" ind1="0" ind2="1">
      <subfield code="A">z</subfield>
      <subfield code="a">Geschichte</subfield>
    </datafield>
    <datafield tag="689" ind1="1" ind2="0">
      <subfield code="A">g</subfield>
      <subfield code="a">Römisches Reich</subfield>
    </datafield>
    <datafield tag="689" ind1="1" ind2="1">
      <subfield code="A">z</subfield>
      <subfield code="a">Geistesgeschichte</subfield>
    </datafield>
    <datafield tag="700" ind1="1" ind2=" ">
      <subfield code="a">Haase, Wolfgang &lt;[Hrsg.]&gt;</subfield>
    </datafield>
    <datafield tag="700" ind1="1" ind2=" ">
      <subfield code="a">Temporini, Hildegard &lt;[Hrsg.]&gt;</subfield>
    </datafield>
    <datafield tag="996" ind1=" " ind2=" ">
      <subfield code=" ">          37  </subfield>
    </datafield>
    <datafield tag="997" ind1=" " ind2=" ">
      <subfield code="a">X06500841 ?</subfield>
    </datafield>
  </record>