
  <record format="MARC21" type="Bibliographic">
    <leader>00000nhm  2200000|| 450 </leader>
    <controlfield tag="001">13590</controlfield>
    <controlfield tag="005">20140719233456.0</controlfield>
    <controlfield tag="007">z|</controlfield>
    <controlfield tag="008">860303||||||||||||||||||||||||||||||||||</controlfield>
    <datafield tag="035" ind1=" " ind2=" ">
      <subfield code="a">T000135905</subfield>
    </datafield>
    <datafield tag="040" ind1=" " ind2=" ">
      <subfield code="e">rak</subfield>
    </datafield>
    <datafield tag="087" ind1=" " ind2=" ">
      <subfield code="a">AG</subfield>
    </datafield>
    <datafield tag="090" ind1=" " ind2=" ">
      <subfield code="h">_</subfield>
    </datafield>
    <datafield tag="245" ind1="0" ind2="0">
      <subfield code="a">DEUTSCHE BIBLIOGRAPHIE, VERZEICHNIS AMTLICHER DRUCKSCHRIFTEN</subfield>
      <subfield code="b">VEROEFFENTLICHUNGEN DER BEHOERDEN, KOERPERSCHAFTEN, ANSTALTEN U. STIFTUNGEN D. OEFF. RECHTS SOWIE D. WICHTIGSTEN HALBAMTL. INSTITUTIONEN IN D. BRD U. IM LANDE BERLIN</subfield>
      <subfield code="c">DEUTSCHE BIBLIOTHEK &lt;FRANKFURT, MAIN></subfield>
    </datafield>
    <datafield tag="260" ind1=" " ind2=" ">
      <subfield code="a">FRANKFURT A. M.</subfield>
      <subfield code="b">BUCHHAENDLER-VEREINIGUNG</subfield>
    </datafield>
    <datafield tag="710" ind1="2" ind2=" ">
      <subfield code="a">DEUTSCHE BIBLIOTHEK &lt;FRANKFURT, MAIN></subfield>
    </datafield>
    <datafield tag="990" ind1=" " ind2=" ">
      <subfield code="a">( Art  11)</subfield>
    </datafield>
    <datafield tag="996" ind1=" " ind2=" ">
      <subfield code=" ">n         37  </subfield>
    </datafield>
    <datafield tag="997" ind1=" " ind2=" ">
      <subfield code="a">X06500943 ?</subfield>
    </datafield>
  </record>