
  <record format="MARC21" type="Bibliographic">
    <leader>00000nhm  2200000|| 450 </leader>
    <controlfield tag="001">13629</controlfield>
    <controlfield tag="005">20140719233456.0</controlfield>
    <controlfield tag="007">tu</controlfield>
    <controlfield tag="008">930804|||||||||||||||||||||||||||||ger||</controlfield>
    <datafield tag="035" ind1=" " ind2=" ">
      <subfield code="a">T000136292</subfield>
    </datafield>
    <datafield tag="040" ind1=" " ind2=" ">
      <subfield code="e">rak</subfield>
    </datafield>
    <datafield tag="041" ind1=" " ind2=" ">
      <subfield code="a">ger</subfield>
    </datafield>
    <datafield tag="087" ind1=" " ind2=" ">
      <subfield code="a">AH</subfield>
    </datafield>
    <datafield tag="090" ind1=" " ind2=" ">
      <subfield code="h">_</subfield>
    </datafield>
    <datafield tag="245" ind1="0" ind2="0">
      <subfield code="a">Deutschsprachige Zeitschriften Deutschland, Österreich, Schweiz</subfield>
    </datafield>
    <datafield tag="260" ind1=" " ind2=" ">
      <subfield code="a">Marbach a. N.</subfield>
      <subfield code="b">Banger</subfield>
    </datafield>
    <datafield tag="365" ind1=" " ind2=" ">
      <subfield code="b">ISSN 0419-0054</subfield>
    </datafield>
    <datafield tag="780" ind1="0" ind2="0">
      <subfield code="a">Ab Ausg. 44.2000 u.d.T.: Zeitschriften Deutschland, Österreich, Schweiz / Ausgabe ...  (s. dort)</subfield>
    </datafield>
    <datafield tag="996" ind1=" " ind2=" ">
      <subfield code=" ">n         37  </subfield>
    </datafield>
    <datafield tag="997" ind1=" " ind2=" ">
      <subfield code="a">X06500979 ?</subfield>
    </datafield>
  </record>