
  <record format="MARC21" type="Bibliographic">
    <leader>00000nhm  2200000|| 450 </leader>
    <controlfield tag="001">13633</controlfield>
    <controlfield tag="005">20140719233456.0</controlfield>
    <controlfield tag="007">tu</controlfield>
    <controlfield tag="008">921029|||||||||||||||||||||||||||||ger||</controlfield>
    <datafield tag="022" ind1=" " ind2=" ">
      <subfield code="a">0435-7124</subfield>
    </datafield>
    <datafield tag="035" ind1=" " ind2=" ">
      <subfield code="a">T000136336</subfield>
    </datafield>
    <datafield tag="040" ind1=" " ind2=" ">
      <subfield code="e">rak</subfield>
    </datafield>
    <datafield tag="041" ind1=" " ind2=" ">
      <subfield code="a">ger</subfield>
    </datafield>
    <datafield tag="087" ind1=" " ind2=" ">
      <subfield code="a">OBO</subfield>
    </datafield>
    <datafield tag="090" ind1=" " ind2=" ">
      <subfield code="h">_</subfield>
    </datafield>
    <datafield tag="110" ind1="2" ind2=" ">
      <subfield code="a">DEUTSCHLAND &lt;BUNDESREPUBLIK> / BUNDESGERICHTSHOF</subfield>
    </datafield>
    <datafield tag="245" ind1="0" ind2="0">
      <subfield code="a">ENTSCHEIDUNGEN DES BUNDESGERICHTSHOFES IN STRAFSACHEN</subfield>
      <subfield code="c">DEUTSCHLAND &lt;BUNDESREPUBLIK> / BUNDESGERICHTSHOF</subfield>
    </datafield>
    <datafield tag="246" ind1="1" ind2="3">
      <subfield code="a">BGHSt</subfield>
    </datafield>
    <datafield tag="260" ind1=" " ind2=" ">
      <subfield code="a">KOELN</subfield>
      <subfield code="b">HEYMANNS</subfield>
    </datafield>
    <datafield tag="550" ind1=" " ind2=" ">
      <subfield code="a">Name der Körperschaft ab 1996: Deutschland / Bundesgerichtshof</subfield>
    </datafield>
    <datafield tag="591" ind1=" " ind2=" ">
      <subfield code="a">Abbestellt am 11.03.2002</subfield>
    </datafield>
    <datafield tag="996" ind1=" " ind2=" ">
      <subfield code=" ">n         27  </subfield>
    </datafield>
    <datafield tag="997" ind1=" " ind2=" ">
      <subfield code="a">X06500983 ?</subfield>
    </datafield>
  </record>