
  <record format="MARC21" type="Bibliographic">
    <leader>00000nhm  2200000|| 450 </leader>
    <controlfield tag="001">13711</controlfield>
    <controlfield tag="005">20140719233456.0</controlfield>
    <controlfield tag="007">z|</controlfield>
    <controlfield tag="008">920915|||||||||||||||||||||||||||||mul||</controlfield>
    <datafield tag="035" ind1=" " ind2=" ">
      <subfield code="a">T000137116</subfield>
    </datafield>
    <datafield tag="040" ind1=" " ind2=" ">
      <subfield code="e">rak</subfield>
    </datafield>
    <datafield tag="041" ind1=" " ind2=" ">
      <subfield code="a">mul</subfield>
    </datafield>
    <datafield tag="087" ind1=" " ind2=" ">
      <subfield code="a">APM 3 </subfield>
    </datafield>
    <datafield tag="087" ind1=" " ind2=" ">
      <subfield code="a">AZ</subfield>
    </datafield>
    <datafield tag="090" ind1=" " ind2=" ">
      <subfield code="h">_</subfield>
    </datafield>
    <datafield tag="245" ind1="0" ind2="0">
      <subfield code="a">DIE SCHOENSTEN BUECHER DER DEUTSCHEN DEMOKRATISCHEN REPUBLIK</subfield>
      <subfield code="b">THE BEST-DESIGNED BOOKS FROM THE GERMAN DEMOCRATIC REPUBLIK</subfield>
      <subfield code="b">LES PLUS BEAUX LIVRES PARUSEN REPUBLIQUE DEMOCRATIQUE ALLEMANDE</subfield>
      <subfield code="c">BOERSENVEREIN DES DEUTSCHEN BUCHHANDELS</subfield>
    </datafield>
    <datafield tag="260" ind1=" " ind2=" ">
      <subfield code="a">LEIPZIG</subfield>
      <subfield code="b">FACHBUCHVERL.</subfield>
    </datafield>
    <datafield tag="546" ind1=" " ind2=" ">
      <subfield code="a">Text : mehrsprachig aus dem Deutschen</subfield>
    </datafield>
    <datafield tag="710" ind1="2" ind2=" ">
      <subfield code="a">Börsenverein des Deutschen Buchhandels</subfield>
    </datafield>
    <datafield tag="990" ind1=" " ind2=" ">
      <subfield code="a">( Art  35 Sprache  74)</subfield>
    </datafield>
    <datafield tag="996" ind1=" " ind2=" ">
      <subfield code=" ">n         37  </subfield>
    </datafield>
    <datafield tag="997" ind1=" " ind2=" ">
      <subfield code="a">X06501059 ?</subfield>
    </datafield>
  </record>