
  <record format="MARC21" type="Bibliographic">
    <leader>00000nhm  2200000|| 450 </leader>
    <controlfield tag="001">13753</controlfield>
    <controlfield tag="005">20140719233456.0</controlfield>
    <controlfield tag="007">z|</controlfield>
    <controlfield tag="008">790928||||||||||||||||||||||||||||||||||</controlfield>
    <datafield tag="035" ind1=" " ind2=" ">
      <subfield code="a">T000137538</subfield>
    </datafield>
    <datafield tag="040" ind1=" " ind2=" ">
      <subfield code="e">rak</subfield>
    </datafield>
    <datafield tag="087" ind1=" " ind2=" ">
      <subfield code="a">FMP 1</subfield>
    </datafield>
    <datafield tag="090" ind1=" " ind2=" ">
      <subfield code="h">_</subfield>
    </datafield>
    <datafield tag="100" ind1="1" ind2=" ">
      <subfield code="a">WIARDA, TILEMANN DOTHIAS</subfield>
    </datafield>
    <datafield tag="245" ind1="0" ind2="0">
      <subfield code="a">OSTFRIESISCHE GESCHICHTE</subfield>
      <subfield code="c">WIARDA, TILEMANN DOTHIAS</subfield>
    </datafield>
    <datafield tag="260" ind1=" " ind2=" ">
      <subfield code="a">LEER / OSTFRIESL.</subfield>
      <subfield code="b">SCHUSTER</subfield>
    </datafield>
    <datafield tag="500" ind1=" " ind2=" ">
      <subfield code="a">REPRINT</subfield>
    </datafield>
    <datafield tag="990" ind1=" " ind2=" ">
      <subfield code="a">( Art  60)</subfield>
    </datafield>
    <datafield tag="996" ind1=" " ind2=" ">
      <subfield code=" ">n         17  </subfield>
    </datafield>
    <datafield tag="997" ind1=" " ind2=" ">
      <subfield code="a">X06501101 ?</subfield>
    </datafield>
  </record>