
  <record format="MARC21" type="Bibliographic">
    <leader>00000nhm  2200000|| 450 </leader>
    <controlfield tag="001">13808</controlfield>
    <controlfield tag="005">20140719233456.0</controlfield>
    <controlfield tag="007">tu</controlfield>
    <controlfield tag="008">900518|||||||||gw ||||||||||||||||||||||</controlfield>
    <datafield tag="035" ind1=" " ind2=" ">
      <subfield code="a">T000138087</subfield>
    </datafield>
    <datafield tag="040" ind1=" " ind2=" ">
      <subfield code="e">rak</subfield>
    </datafield>
    <datafield tag="044" ind1=" " ind2=" ">
      <subfield code="a">gw</subfield>
      <subfield code="c">DE</subfield>
    </datafield>
    <datafield tag="087" ind1=" " ind2=" ">
      <subfield code="a">UA</subfield>
    </datafield>
    <datafield tag="090" ind1=" " ind2=" ">
      <subfield code="h">_</subfield>
    </datafield>
    <datafield tag="100" ind1="1" ind2=" ">
      <subfield code="a">Goethe, Johann Wolfgang &lt;von></subfield>
    </datafield>
    <datafield tag="245" ind1="0" ind2="0">
      <subfield code="a">CORPUS DER GOETHEZEICHNUNGEN</subfield>
      <subfield code="c">GOETHE, JOHANN W. VON </subfield>
    </datafield>
    <datafield tag="260" ind1=" " ind2=" ">
      <subfield code="a">LEIPZIG</subfield>
      <subfield code="b">SEEMANN</subfield>
    </datafield>
    <datafield tag="996" ind1=" " ind2=" ">
      <subfield code=" ">n     DEz 17  </subfield>
    </datafield>
    <datafield tag="997" ind1=" " ind2=" ">
      <subfield code="a">X06501154 ?</subfield>
    </datafield>
  </record>