
  <record format="MARC21" type="Bibliographic">
    <leader>00000nhm  2200000|| 450 </leader>
    <controlfield tag="001">13845</controlfield>
    <controlfield tag="003">DE-380</controlfield>
    <controlfield tag="005">20140719233456.0</controlfield>
    <controlfield tag="007">tu</controlfield>
    <controlfield tag="008">930310|||||||||||||||||||||||||||||ger||</controlfield>
    <datafield tag="022" ind1=" " ind2=" ">
      <subfield code="a">0454-9007</subfield>
    </datafield>
    <datafield tag="035" ind1=" " ind2=" ">
      <subfield code="a">T00013845X</subfield>
    </datafield>
    <datafield tag="040" ind1=" " ind2=" ">
      <subfield code="a">DE-380</subfield>
    </datafield>
    <datafield tag="041" ind1=" " ind2=" ">
      <subfield code="a">ger</subfield>
    </datafield>
    <datafield tag="087" ind1=" " ind2=" ">
      <subfield code="a">NCL</subfield>
    </datafield>
    <datafield tag="090" ind1=" " ind2=" ">
      <subfield code="h">_</subfield>
    </datafield>
    <datafield tag="100" ind1="1" ind2=" ">
      <subfield code="a">Blum, Hans</subfield>
    </datafield>
    <datafield tag="245" ind1="0" ind2="0">
      <subfield code="a">Kölnische Bibliographie</subfield>
      <subfield code="c">von Hans Blum</subfield>
    </datafield>
    <datafield tag="260" ind1=" " ind2=" ">
      <subfield code="a">Köln</subfield>
      <subfield code="b">Kölnischer Geschichtsverein</subfield>
    </datafield>
    <datafield tag="500" ind1=" " ind2=" ">
      <subfield code="a">Wird als Forts. laufend gehalten (seit 06/2007)</subfield>
    </datafield>
    <datafield tag="710" ind1="2" ind2=" ">
      <subfield code="a">Kölnischer Geschichtsverein</subfield>
    </datafield>
    <datafield tag="996" ind1=" " ind2=" ">
      <subfield code=" ">n    R    17  </subfield>
    </datafield>
    <datafield tag="997" ind1=" " ind2=" ">
      <subfield code="a">T00013845X</subfield>
    </datafield>
  </record>