
  <record format="MARC21" type="Bibliographic">
    <leader>00000nhm  2200000|| 450 </leader>
    <controlfield tag="001">13852</controlfield>
    <controlfield tag="005">20140719233456.0</controlfield>
    <controlfield tag="007">z|</controlfield>
    <controlfield tag="008">930310||||||||||||||||||||||||||||||||||</controlfield>
    <datafield tag="022" ind1=" " ind2=" ">
      <subfield code="a">0179-2938</subfield>
    </datafield>
    <datafield tag="035" ind1=" " ind2=" ">
      <subfield code="a">T000138529</subfield>
    </datafield>
    <datafield tag="040" ind1=" " ind2=" ">
      <subfield code="e">rak</subfield>
    </datafield>
    <datafield tag="087" ind1=" " ind2=" ">
      <subfield code="a">ND / PORZ </subfield>
    </datafield>
    <datafield tag="090" ind1=" " ind2=" ">
      <subfield code="h">_</subfield>
    </datafield>
    <datafield tag="245" ind1="0" ind2="0">
      <subfield code="a">Rechtsrheinisches Köln</subfield>
      <subfield code="b">Jahrbuch für Geschichte und Landeskunde</subfield>
      <subfield code="c">hrsg. vom Geschichts- und Heimatverein Rechtsrheinisches Köln e.V.</subfield>
    </datafield>
    <datafield tag="260" ind1=" " ind2=" ">
      <subfield code="a">Köln</subfield>
      <subfield code="b">Heimatverein Rechtsrheinisches Köln e.V.</subfield>
    </datafield>
    <datafield tag="500" ind1=" " ind2=" ">
      <subfield code="a">Wird als Forts. laufend gehalten</subfield>
    </datafield>
    <datafield tag="710" ind1="2" ind2=" ">
      <subfield code="a">Heimatverein Rechtsrheinisches Köln e.V.</subfield>
    </datafield>
    <datafield tag="780" ind1="0" ind2="0">
      <subfield code="a">Früher u.d.T.: Unser Porz</subfield>
    </datafield>
    <datafield tag="990" ind1=" " ind2=" ">
      <subfield code="a">( Art  73)</subfield>
    </datafield>
    <datafield tag="996" ind1=" " ind2=" ">
      <subfield code=" ">n         37  </subfield>
    </datafield>
    <datafield tag="997" ind1=" " ind2=" ">
      <subfield code="a">X06501201 ?</subfield>
    </datafield>
  </record>