
  <record format="MARC21" type="Bibliographic">
    <leader>00000nhm  2200000|| 450 </leader>
    <controlfield tag="001">13920</controlfield>
    <controlfield tag="005">20140719233456.0</controlfield>
    <controlfield tag="007">z|</controlfield>
    <controlfield tag="008">920115||||||||||||||||||||||||||||||||||</controlfield>
    <datafield tag="035" ind1=" " ind2=" ">
      <subfield code="a">T000139204</subfield>
    </datafield>
    <datafield tag="040" ind1=" " ind2=" ">
      <subfield code="e">rak</subfield>
    </datafield>
    <datafield tag="087" ind1=" " ind2=" ">
      <subfield code="a">DAK</subfield>
    </datafield>
    <datafield tag="090" ind1=" " ind2=" ">
      <subfield code="f">_</subfield>
      <subfield code="h">_</subfield>
    </datafield>
    <datafield tag="245" ind1="0" ind2="0">
      <subfield code="a">Enzyklopädie der Psychologie</subfield>
      <subfield code="c">in Verbindung mit der Deutschen Gesellschaft für Psychologie hrsg. von Niels Birbaumer ...</subfield>
    </datafield>
    <datafield tag="260" ind1=" " ind2=" ">
      <subfield code="a">Göttingen</subfield>
      <subfield code="a">Bern [u.a.]</subfield>
      <subfield code="b">Verl. für Psychologie Hogrefe</subfield>
    </datafield>
    <datafield tag="500" ind1=" " ind2=" ">
      <subfield code="a">Wird als Forts. laufend gehalten</subfield>
    </datafield>
    <datafield tag="650" ind1=" " ind2="4">
      <subfield code="a">Psychologie</subfield>
    </datafield>
    <datafield tag="689" ind1="0" ind2="0">
      <subfield code="A">s</subfield>
      <subfield code="a">Psychologie</subfield>
    </datafield>
    <datafield tag="700" ind1="1" ind2=" ">
      <subfield code="a">Graumann, Carl F. &lt;[Hrsg.]&gt;</subfield>
    </datafield>
    <datafield tag="700" ind1="1" ind2=" ">
      <subfield code="a">Birbaumer, Niels &lt;[Hrsg.]&gt;</subfield>
    </datafield>
    <datafield tag="996" ind1=" " ind2=" ">
      <subfield code=" ">          37  </subfield>
    </datafield>
    <datafield tag="997" ind1=" " ind2=" ">
      <subfield code="a">X06501270 ?</subfield>
    </datafield>
  </record>