
  <record format="MARC21" type="Bibliographic">
    <leader>00000nhm  2200000|| 450 </leader>
    <controlfield tag="001">14046</controlfield>
    <controlfield tag="005">20140719233456.0</controlfield>
    <controlfield tag="007">z|</controlfield>
    <controlfield tag="008">850508||||||||||||||||||||||||||||||||||</controlfield>
    <datafield tag="035" ind1=" " ind2=" ">
      <subfield code="a">T000140465</subfield>
    </datafield>
    <datafield tag="040" ind1=" " ind2=" ">
      <subfield code="e">rak</subfield>
    </datafield>
    <datafield tag="087" ind1=" " ind2=" ">
      <subfield code="a">FAN 1</subfield>
    </datafield>
    <datafield tag="090" ind1=" " ind2=" ">
      <subfield code="h">_</subfield>
    </datafield>
    <datafield tag="100" ind1="1" ind2=" ">
      <subfield code="a">HELLBACH, JOHANN CHRISTIAN  VON  </subfield>
    </datafield>
    <datafield tag="245" ind1="0" ind2="0">
      <subfield code="a">ADELS-LEXIKON</subfield>
      <subfield code="b">ODER HANDBUCH UEBER D. HISTOR., GENEALOG. U. DIPLOMATISCHEN ... NACHRICHTEN VOM HOHEN  U. NIEDERN ADEL ... SO WIE VON DEM ... LAUSITZISCHEN ADEL</subfield>
      <subfield code="c">HELLBACH, JOHANN CHRISTIAN VON </subfield>
    </datafield>
    <datafield tag="260" ind1=" " ind2=" ">
      <subfield code="a">ILMENAU</subfield>
      <subfield code="b">VOIGT</subfield>
    </datafield>
    <datafield tag="500" ind1=" " ind2=" ">
      <subfield code="a">HANDBUCH</subfield>
    </datafield>
    <datafield tag="990" ind1=" " ind2=" ">
      <subfield code="a">( Art  32)</subfield>
    </datafield>
    <datafield tag="996" ind1=" " ind2=" ">
      <subfield code=" ">n         17  </subfield>
    </datafield>
    <datafield tag="997" ind1=" " ind2=" ">
      <subfield code="a">X06501722 ?</subfield>
    </datafield>
  </record>