
  <record format="MARC21" type="Bibliographic">
    <leader>00000nhm  2200000|| 450 </leader>
    <controlfield tag="001">14050</controlfield>
    <controlfield tag="005">20140719233456.0</controlfield>
    <controlfield tag="007">z|</controlfield>
    <controlfield tag="008">930310|||||||||gw ||||||||||||||||||||||</controlfield>
    <datafield tag="035" ind1=" " ind2=" ">
      <subfield code="a">T000140509</subfield>
    </datafield>
    <datafield tag="040" ind1=" " ind2=" ">
      <subfield code="e">rak</subfield>
    </datafield>
    <datafield tag="044" ind1=" " ind2=" ">
      <subfield code="a">gw</subfield>
      <subfield code="c">DE</subfield>
    </datafield>
    <datafield tag="087" ind1=" " ind2=" ">
      <subfield code="a">PAN 4</subfield>
    </datafield>
    <datafield tag="090" ind1=" " ind2=" ">
      <subfield code="h">_</subfield>
    </datafield>
    <datafield tag="110" ind1="2" ind2=" ">
      <subfield code="a">DEUTSCHLAND &lt;BUNDESREPUBLIK> / STATISTISCHES BUNDESAMT</subfield>
    </datafield>
    <datafield tag="245" ind1="0" ind2="0">
      <subfield code="a">Statistisches Jahrbuch für die Bundesrepublik Deutschland</subfield>
      <subfield code="b">Statistical yearbook for the Federal Republic of Germany</subfield>
      <subfield code="c">DEUTSCHLAND &lt;BUNDESREPUBLIK> / STATISTISCHES BUNDESAMT</subfield>
    </datafield>
    <datafield tag="246" ind1="1" ind2="3">
      <subfield code="a">Statistisches Jahrbuch - Deutschland und Internationales</subfield>
    </datafield>
    <datafield tag="247" ind1="0" ind2="0">
      <subfield code="a">Ab 2012: Statistisches Jahrbuch : Deutschland und Internationales</subfield>
    </datafield>
    <datafield tag="260" ind1=" " ind2=" ">
      <subfield code="a">WIESBADEN</subfield>
      <subfield code="b">STATISTISCHES BUNDESAMT</subfield>
    </datafield>
    <datafield tag="500" ind1=" " ind2=" ">
      <subfield code="a">Wird als Forts. laufend gehalten</subfield>
    </datafield>
    <datafield tag="550" ind1=" " ind2=" ">
      <subfield code="a">Name der Körperschaft ab 1996: Deutschland / Statistisches Bundesamt</subfield>
    </datafield>
    <datafield tag="996" ind1=" " ind2=" ">
      <subfield code=" ">n     DEz 27  </subfield>
    </datafield>
    <datafield tag="997" ind1=" " ind2=" ">
      <subfield code="a">X06501727 ?</subfield>
    </datafield>
  </record>