
  <record format="MARC21" type="Bibliographic">
    <leader>00000nhm  2200000|| 450 </leader>
    <controlfield tag="001">14192</controlfield>
    <controlfield tag="005">20140719233456.0</controlfield>
    <controlfield tag="007">tu</controlfield>
    <controlfield tag="008">800130|||||||||||||||||||||||||||||ger||</controlfield>
    <datafield tag="035" ind1=" " ind2=" ">
      <subfield code="a">T000141923</subfield>
    </datafield>
    <datafield tag="040" ind1=" " ind2=" ">
      <subfield code="e">rak</subfield>
    </datafield>
    <datafield tag="041" ind1=" " ind2=" ">
      <subfield code="a">ger</subfield>
    </datafield>
    <datafield tag="087" ind1=" " ind2=" ">
      <subfield code="a">U </subfield>
    </datafield>
    <datafield tag="090" ind1=" " ind2=" ">
      <subfield code="h">_</subfield>
    </datafield>
    <datafield tag="100" ind1="1" ind2=" ">
      <subfield code="a">Cervantes Saavedra, Miguel &lt;de></subfield>
    </datafield>
    <datafield tag="245" ind1="0" ind2="0">
      <subfield code="a">Der sinnreiche Junker Don Quijote von der Mancha</subfield>
      <subfield code="c">Miguel de Cervanters Saavedra. Ins Dt. übertr. von Ludwig Braunfels und ill. von Gerhard Oberländer</subfield>
    </datafield>
    <datafield tag="246" ind1="1" ind2="3">
      <subfield code="a">Don Quijote</subfield>
    </datafield>
    <datafield tag="260" ind1=" " ind2=" ">
      <subfield code="a">Frankfurt am Main</subfield>
      <subfield code="b">Büchergilde Gutenberg</subfield>
    </datafield>
    <datafield tag="546" ind1=" " ind2=" ">
      <subfield code="a">Aus dem Span.</subfield>
    </datafield>
    <datafield tag="700" ind1="1" ind2=" ">
      <subfield code="a">Oberländer, Gerhard</subfield>
    </datafield>
    <datafield tag="700" ind1="1" ind2=" ">
      <subfield code="a">Braunfels, Ludwig &lt;[Übers.]&gt;</subfield>
    </datafield>
    <datafield tag="996" ind1=" " ind2=" ">
      <subfield code=" ">n         17  </subfield>
    </datafield>
    <datafield tag="997" ind1=" " ind2=" ">
      <subfield code="a">X06501877 ?</subfield>
    </datafield>
  </record>