
  <record format="MARC21" type="Bibliographic">
    <leader>00000nhm  2200000|| 450 </leader>
    <controlfield tag="001">14237</controlfield>
    <controlfield tag="005">20140719233456.0</controlfield>
    <controlfield tag="007">z|</controlfield>
    <controlfield tag="008">800730||||||||||||||||||||||||||||||||||</controlfield>
    <datafield tag="035" ind1=" " ind2=" ">
      <subfield code="a">T000142378</subfield>
    </datafield>
    <datafield tag="040" ind1=" " ind2=" ">
      <subfield code="e">rak</subfield>
    </datafield>
    <datafield tag="087" ind1=" " ind2=" ">
      <subfield code="a">EDS 5</subfield>
    </datafield>
    <datafield tag="090" ind1=" " ind2=" ">
      <subfield code="h">_</subfield>
    </datafield>
    <datafield tag="100" ind1="1" ind2=" ">
      <subfield code="a">BOEGER, KLAUS </subfield>
    </datafield>
    <datafield tag="245" ind1="0" ind2="0">
      <subfield code="a">BUNDESREPUBLIK DEUTSCHLAND, DEUTSCHE DEMOKRATISCHE REPUBLIK. VERGLEICH DER POLITISCHEN SYSTEME</subfield>
      <subfield code="b">UNTERRICHTSMODELL F. D. SEKUNDARSTUFE 2</subfield>
      <subfield code="c">BOEGER, KLAUS  ; KREMENDAHL, HANS</subfield>
    </datafield>
    <datafield tag="260" ind1=" " ind2=" ">
      <subfield code="a">STUTTGART</subfield>
      <subfield code="b">METZLER</subfield>
    </datafield>
    <datafield tag="700" ind1="1" ind2=" ">
      <subfield code="a">KREMENDAHL, HANS</subfield>
    </datafield>
    <datafield tag="996" ind1=" " ind2=" ">
      <subfield code=" ">n         17  </subfield>
    </datafield>
    <datafield tag="997" ind1=" " ind2=" ">
      <subfield code="a">X06501931 ?</subfield>
    </datafield>
  </record>