
  <record format="MARC21" type="Bibliographic">
    <leader>00000nhm  2200000|| 450 </leader>
    <controlfield tag="001">14278</controlfield>
    <controlfield tag="005">20140719233456.0</controlfield>
    <controlfield tag="007">tu</controlfield>
    <controlfield tag="008">801126|||||||||||||||||||||||||||||ger||</controlfield>
    <datafield tag="035" ind1=" " ind2=" ">
      <subfield code="a">T000142788</subfield>
    </datafield>
    <datafield tag="040" ind1=" " ind2=" ">
      <subfield code="e">rak</subfield>
    </datafield>
    <datafield tag="041" ind1=" " ind2=" ">
      <subfield code="a">ger</subfield>
    </datafield>
    <datafield tag="087" ind1=" " ind2=" ">
      <subfield code="a">AH</subfield>
    </datafield>
    <datafield tag="090" ind1=" " ind2=" ">
      <subfield code="h">_</subfield>
    </datafield>
    <datafield tag="245" ind1="0" ind2="0">
      <subfield code="a">INTERNATIONALE BIBLIOGRAPHIE DER ZEITSCHRIFTENLITERATUR AUS ALLEN GEBIETEN DES WISSENS</subfield>
      <subfield code="b">KOMBINIERTE FOLGE</subfield>
      <subfield code="c">DIETRICH, FELIX  [Begr.] ; ZELLER, OTTO [Hrsg.]</subfield>
    </datafield>
    <datafield tag="260" ind1=" " ind2=" ">
      <subfield code="a">OSNABRUECK</subfield>
      <subfield code="b">DIETRICH</subfield>
    </datafield>
    <datafield tag="591" ind1=" " ind2=" ">
      <subfield code="a">Die folgenden Bände sind noch nicht EDV-katalogisiert und stehen im Kompaktmagazin: Internationale Bibliographie der Zeitschriftenliteratur : Abteilung A, Bibliographie der deutschen Zeitschriftenliteratur ; Bd. 63 (1928), Bd. 103 (1951). - Abteilung B, Bibliographie der fremdsprachigen Zeitschriftenliteratur: N. F. ; Bd. 43 - 51 (1957/1958 - 1962/1965) </subfield>
    </datafield>
    <datafield tag="700" ind1="1" ind2=" ">
      <subfield code="a">DIETRICH, FELIX  [Begr.]</subfield>
    </datafield>
    <datafield tag="700" ind1="1" ind2=" ">
      <subfield code="a">ZELLER, OTTO [Hrsg.]</subfield>
    </datafield>
    <datafield tag="996" ind1=" " ind2=" ">
      <subfield code=" ">n         37  </subfield>
    </datafield>
    <datafield tag="997" ind1=" " ind2=" ">
      <subfield code="a">X06501971 ?</subfield>
    </datafield>
  </record>