
  <record format="MARC21" type="Bibliographic">
    <leader>00000nhm  2200000|| 450 </leader>
    <controlfield tag="001">14339</controlfield>
    <controlfield tag="005">20140719233456.0</controlfield>
    <controlfield tag="007">z|</controlfield>
    <controlfield tag="008">800730||||||||||||||||||||||||||||||||||</controlfield>
    <datafield tag="035" ind1=" " ind2=" ">
      <subfield code="a">T000143394</subfield>
    </datafield>
    <datafield tag="040" ind1=" " ind2=" ">
      <subfield code="e">rak</subfield>
    </datafield>
    <datafield tag="087" ind1=" " ind2=" ">
      <subfield code="a">ODM</subfield>
    </datafield>
    <datafield tag="090" ind1=" " ind2=" ">
      <subfield code="h">_</subfield>
    </datafield>
    <datafield tag="245" ind1="0" ind2="0">
      <subfield code="a">GEWERBEORDNUNG UND ERGAENZENDE VORSCHRIFTEN</subfield>
      <subfield code="b">KOMMENTAR IN 3 BDEN</subfield>
      <subfield code="b">GEWO</subfield>
      <subfield code="b">LANDMANN-ROHMER</subfield>
      <subfield code="c">LANDMANN, ROBERT VON  [Begr.]</subfield>
    </datafield>
    <datafield tag="250" ind1=" " ind2=" ">
      <subfield code="a">AUF NEUESTEM STAND</subfield>
    </datafield>
    <datafield tag="260" ind1=" " ind2=" ">
      <subfield code="a">MUENCHEN</subfield>
      <subfield code="b">BECK</subfield>
    </datafield>
    <datafield tag="500" ind1=" " ind2=" ">
      <subfield code="a">GEWERBEKOMMENTAR, LOSEBLATTAUSGABE</subfield>
    </datafield>
    <datafield tag="700" ind1="1" ind2=" ">
      <subfield code="a">LANDMANN, ROBERT  VON   [Begr.]</subfield>
    </datafield>
    <datafield tag="990" ind1=" " ind2=" ">
      <subfield code="a">( Art  28 , 90)</subfield>
    </datafield>
    <datafield tag="996" ind1=" " ind2=" ">
      <subfield code=" ">n         37  </subfield>
    </datafield>
    <datafield tag="997" ind1=" " ind2=" ">
      <subfield code="a">X06502017 ?</subfield>
    </datafield>
  </record>